<?xml version="1.0" encoding="utf-8"?>
<record xmlns="http://www.loc.gov/MARC21/slim" xmlns:xsi="http://www.w3.org/2001/XMLSchema-instance" xsi:schemaLocation="http://www.loc.gov/MARC21/slim http://www.loc.gov/standards/marcxml/schema/MARC21slim.xsd">
	<leader>     nam a22        4500</leader>
	<controlfield tag="001">001685764</controlfield>
	<controlfield tag="003">NNU</controlfield>
	<controlfield tag="006">m        d        </controlfield>
	<controlfield tag="007">cr cn |||m|||a</controlfield>
	<controlfield tag="008">150505s1925    ae      o     000 0 ara  </controlfield>
	<datafield ind1=" " ind2=" " tag="040">
		<subfield code="a">NNU</subfield>
		<subfield code="b">eng</subfield>
		<subfield code="c">NNU</subfield>
	</datafield>
	<datafield ind1=" " ind2="4" tag="050">
		<subfield code="a">PJ7696</subfield>
		<subfield code="b">.A46 1925</subfield>
	</datafield>
	<datafield ind1="0" ind2=" " tag="100">
		<subfield code="6">880-01</subfield>
		<subfield code="a">ʻAlqamah ibn ʻAbadah,</subfield>
		<subfield code="d">active 6th century.</subfield>
	</datafield>
	<datafield ind1="1" ind2="0" tag="245">
		<subfield code="6">880-02</subfield>
		<subfield code="a">Sharḥ dīwān ʻAlqamah ibn ʻAbdah al-Tamīmī al-mashhūr bi-ʻAlqamah al-faḥl</subfield>
		<subfield code="h">[electronic resource] /</subfield>
		<subfield code="c">li-Abī al-Ḥajjāj Yūsuf ibn Sulaymān ibn ʻĪsá al-maʻrūf bi-al-Aʻlam al-Shantamrī ; iʻtaná bi-taṣḥīḥihi ibn Abī Shanab. wa-yalīh jumlah mimmā lam yudhkar min shiʻrihi fī hādhā al-sharḥ.</subfield>
	</datafield>
	<datafield ind1="1" ind2="5" tag="246">
		<subfield code="a">ʻAlqama ben ʻAbada dīwān</subfield>
	</datafield>
	<datafield ind1=" " ind2=" " tag="260">
		<subfield code="a">Alger :</subfield>
		<subfield code="b">Jules Carbonel,</subfield>
		<subfield code="c">1925.</subfield>
	</datafield>
	<datafield ind1=" " ind2=" " tag="300">
		<subfield code="a">online resource (196 p.)</subfield>
	</datafield>
	<datafield ind1="1" ind2=" " tag="490">
		<subfield code="a">Bibliotheca Arabica</subfield>
	</datafield>
	<datafield ind1=" " ind2=" " tag="500">
		<subfield code="a">Title on added T.p.: ʻAlqama ben ʻAbada dīwān.</subfield>
	</datafield>
	<datafield ind1=" " ind2=" " tag="500">
		<subfield code="a">At head of title: Fuḥūl al-ʻArab fī ʻilm al-adab.</subfield>
	</datafield>
	<datafield ind1=" " ind2=" " tag="500">
		<subfield code="a">Part of the Arabic Collections Online (ACO) project, contributed by New York Univeristy Libraries.</subfield>
	</datafield>
	<datafield ind1=" " ind2=" " tag="533">
		<subfield code="a">Electronic reproduction.</subfield>
		<subfield code="b">New York, N.Y. :</subfield>
		<subfield code="c">New York University,</subfield>
		<subfield code="d">2015.</subfield>
		<subfield code="5">NNU</subfield>
	</datafield>
	<datafield ind1="1" ind2=" " tag="700">
		<subfield code="6">880-03</subfield>
		<subfield code="a">Aʻlam al-Shantamarī, Yūsuf ibn Sulaymān,</subfield>
		<subfield code="d">1019 or 1020-1083 or 1084.</subfield>
	</datafield>
	<datafield ind1="2" ind2=" " tag="710">
		<subfield code="a">New York University.</subfield>
		<subfield code="b">Libraries.</subfield>
	</datafield>
	<datafield ind1="0" ind2=" " tag="730">
		<subfield code="a">Arabic Collections Online.</subfield>
	</datafield>
	<datafield ind1="0" ind2="8" tag="776">
		<subfield code="i">Print version:</subfield>
		<subfield code="a">ʻAlqamah ibn ʻAbadah, active 6th century.</subfield>
		<subfield code="t">Sharḥ dīwān ʻAlqamah ibn ʻAbdah al-Tamīmī al-mashhūr bi-ʻAlqamah al-faḥl</subfield>
		<subfield code="w">(NNU)001685764</subfield>
		<subfield code="w">(DLC)   73200296</subfield>
	</datafield>
	<datafield ind1="4" ind2="0" tag="856">
		<subfield code="u">http://hdl.handle.net/2333.1/80gb5pcr</subfield>
	</datafield>
	<datafield ind1="0" ind2=" " tag="880">
		<subfield code="6">100-01/</subfield>
		<subfield code="a">علقمه بن عبده،</subfield>
		<subfield code="d">active 6th century.</subfield>
	</datafield>
	<datafield ind1="1" ind2="0" tag="880">
		<subfield code="6">245-02/</subfield>
		<subfield code="a">شرح ديوان علقمه بن عبده التميمي المشهور بعلقمة الفحل /</subfield>
		<subfield code="c">لأبي الحجاج يوسف بن سليمان بن عيسى المعروف بالأعلم الشنتمري ؛ اعتنى بتصحيحه ابن أبي شنب. ويليه جملة مما لم يذكر من شعره في هذا الشرح.</subfield>
	</datafield>
	<datafield ind1="1" ind2=" " tag="880">
		<subfield code="6">700-03/</subfield>
		<subfield code="a">اعلم الشنتمري، يوسف بن سليمان،</subfield>
		<subfield code="d">1019 or 1020-1083 or 1084.</subfield>
	</datafield>
	<datafield ind1=" " ind2="0" tag="830">
		<subfield code="6">880-04</subfield>
		<subfield code="a">Maktabah al-ʻArabīyah (Cairo, Egypt)</subfield>
	</datafield>
	<datafield ind1=" " ind2="0" tag="880">
		<subfield code="6">830-04/</subfield>
		<subfield code="a">مكتبة العربية (Cairo, Egypt)</subfield>
	</datafield>
	<datafield ind1=" " ind2=" " tag="959">
		<subfield code="a">NNU</subfield>
		<subfield code="b">WEB</subfield>
		<subfield code="c">GENI</subfield>
		<subfield code="t">0</subfield>
		<subfield code="m">Electronic access</subfield>
		<subfield code="s">01</subfield>
	</datafield>
	<datafield ind1=" " ind2=" " tag="999">
		<subfield code="i">NNU_001685764</subfield>
		<subfield code="s">nyu_aco000317</subfield>
		<subfield code="e">(ERROR-880)</subfield>
	</datafield>
</record>
